@phdthesis{miller12,
    author = {Miller, E. G.},
    publisher = {Massachusetts Institute of Technology},
    title = {{Learning from one example in machine vision by sharing probability densities}},
    year = {2002}
}


@Book{chapel06,
  editor =	 {Chapelle, O., Sch{\"o}lkopf, B. & Zien A.},
  title = 	 {Semi-Supervised Learning},
  publisher = 	 {MIT Press},
  year = 	 2006,
  address =	 {Cambridge, MA}
}

@article{pan10survey,
  title={A survey on transfer learning},
  author={Pan, S. J. & Yang, Q.},
  journal={Knowledge and Data Engineering, IEEE Transactions on},
  volume={22},
  number={10},
  pages={1345--1359},
  year={2010},
  publisher={IEEE}
}

@article{bengio08,
author = {Larochelle, H.,  Erhan, D., & Bengio, Y.},
journal = {Proceedings of the 23rd National Conference on Artificial Intelligence (AAAI-08)},
number = {Miller 2002},
pages = {646--651},
title = {{Zero-data learning of new tasks}},
year = {2008}
}

@incollection{hinton09,
title = {Zero-shot Learning with Semantic Output Codes},
author = {Palatucci, M., Pomerleau, D., Hinton, G. E. &  Mitchell, T. M.},
booktitle = {Advances in Neural Information Processing Systems 22},
editor = {Y. Bengio and D. Schuurmans and J.D. Lafferty and C.K.I. Williams and A. Culotta},
pages = {1410--1418},
year = {2009},
publisher = {Curran Associates, Inc.},
}

@inproceedings{sala11,
  title={Learning to share visual appearance for multiclass object detection},
  author={Salakhutdinov, R., Torralba, A. &Tenenbaum, J.},
  booktitle={Computer Vision and Pattern Recognition (CVPR), 2011 IEEE Conference on},
  pages={1481--1488},
  year={2011},
  organization={IEEE}
}


