@INPROCEEDINGS{Csurka2004,
  author = {Csurka, G. and Bray, C. and Dance, C. and Fan, L.},
  biburl = {http://www.bibsonomy.org/bibtex/2b36f6c0853c91c7961c6caafecd838c6/mozaher},
  interhash = {f2feb0c8b5f8af23a13486117ea7d89e},
  intrahash = {b36f6c0853c91c7961c6caafecd838c6},
  booktitle = {European Conference on Computer Vision Workshops (ECCV workshops)},
  keywords = {imported},
  pages = {1--22},
  title = {Visual categorization with bags of keypoints},
  year = 2004
}

