@phdthesis{miller12,
	author = {Erik G. Miller},
    publisher = {Massachusetts Institute of Technology},
    title = {{Learning from one example in machine vision by sharing probability densities}},
    year = {2002}
}


@Book{chapel06,
  author =	 {O. Chapelle and B. Sch{\"o}lkopf and A. Zien},
  title = 	 {Semi-Supervised Learning},
  publisher = 	 {MIT Press},
  year = 	 2006,
  address =	 {Cambridge, MA}
}

@article{pan10survey,
  title={A Survey on Transfer Learning},
  author={Sinno Jialin Pan and Qiang Yang},
  journal={Knowledge and Data Engineering, IEEE Transactions on},
  volume={22},
  number={10},
  pages={1345--1359},
  year={2010},
  publisher={IEEE}
}

@article{bengio08,
author = {Hugo Larochelle and Dumitru Erhan and Yoshua Bengio},
journal = {Proceedings of the 23rd National Conference on Artificial Intelligence (AAAI-08)},
number = {Miller 2002},
pages = {646--651},
title = {{Zero-data learning of new tasks}},
year = {2008}
}

@incollection{hinton09,
title = {Zero-shot Learning with Semantic Output Codes},
author = {Mark Palatucci and Geoffrey Hinton and Dean Pomerleau and Tom M. Mitchell},
booktitle = {Advances in Neural Information Processing Systems 22},
pages = {1410--1418},
year = {2009},
publisher = {Curran Associates, Inc.},
}

@inproceedings{sala11,
  author = {Ruslan Salakhutdinov and Antonio Torralba and Josh Tenenbaum},
  title = {Learning to Share Visual Appearance for Multiclass Object Detection},
  booktitle={Computer Vision and Pattern Recognition (CVPR), 2011 IEEE Conference on},
  pages={1481--1488},
  year={2011},
  organization={IEEE}
}


